@book{koza92,
		author    = "Koza, John R.",
		title     = "Genetic Programming: On the Programming of Computers by Means of Natural Selection",
		publisher = "MIT Press",
		year      = "1992"
}


@misc{ wiki:latex,
       author = "Wikipedia",
       title = "LaTeX --- Wikipedia{,} La enciclopedia libre",
       year = "2015",
       url = "https://es.wikipedia.org/w/index.php?title=LaTeX&oldid=84209252",
       note = "[Internet; descargado 30-septiembre-2015]"
}


@article{bortolot2005,
  title={Estimating forest biomass using small footprint LiDAR data: An individual tree-based approach that incorporates training data},
  author={Bortolot, Zachary J and Wynne, Randolph H},
  journal={ISPRS Journal of Photogrammetry and Remote Sensing},
  volume={59},
  number={6},
  pages={342--360},
  year={2005},
  publisher={Elsevier}
}

@misc{ wiki:opencv,
	author = "Wikipedia",
	title = "OpenCV --- Wikipedia{,} La enciclopedia libre",
	year = "2021",
	howpublished=
	"\url{https://es.wikipedia.org/wiki/OpenCV}",
	url = "https://es.wikipedia.org/wiki/OpenCV",
	note = "[Internet; descargado 07-marzo-2022]"
}

@misc{ wiki:numpy,
	author = "Wikipedia",
	title = "NumPy --- Wikipedia{,} La enciclopedia libre",
	year = "2022",
	howpublished=
	"\url{https://es.wikipedia.org/wiki/NumPy}",
	url = "https://es.wikipedia.org/wiki/NumPy",
	note = "[Internet; descargado 07-marzo-2022]"
}

@misc{ wiki:pandas,
	author = "Wikipedia",
	title = "Pandas (software) --- Wikipedia{,} La enciclopedia libre",
	year = "2022",
	howpublished=
	"\url{https://es.wikipedia.org/wiki/Pandas_(software)}",
	url = "https://es.wikipedia.org/wiki/Pandas_(software)",
	note = "[Internet; descargado 07-marzo-2022]"
}

@misc{ wiki:scipy,
	author = "Wikipedia",
	title = "SciPy --- Wikipedia{,} La enciclopedia libre",
	year = "2021",
	howpublished=
	"\url{https://es.wikipedia.org/wiki/SciPy}",
	url = "https://es.wikipedia.org/wiki/SciPy",
	note = "[Internet; descargado 07-marzo-2022]"
}

@misc{ scipysignal,
	author = "SciPy",
	title = "scipy.signal",
	year = "2022",
	howpublished=
	"\url{https://docs.scipy.org/doc/scipy/reference/signal.html}",
	url = "https://docs.scipy.org/doc/scipy/reference/signal.html",
	note = "[Internet; descargado 07-marzo-2022]"
}

@misc{ parkinson,
	author = "Wikipedia",
	title = "Enfermedad de Parkinson --- Wikipedia{,} La enciclopedia libre",
	year = "2022",
	howpublished=
	"\url{https://es.wikipedia.org/wiki/Enfermedad_de_Parkinson}",
	url = "https://es.wikipedia.org/wiki/Enfermedad_de_Parkinson",
	note = "[Internet; descargado 08-marzo-2022]"
}

@misc{ sistnervautonomo,
	author = "Wikipedia",
	title = "Sistema nervioso aut√≥nomo --- Wikipedia{,} La enciclopedia libre",
	year = "2022",
	howpublished=
	"\url{https://es.wikipedia.org/wiki/Sistema_nervioso_aut%C3%B3nomo}",
	url = "https://es.wikipedia.org/wiki/Sistema_nervioso_aut%C3%B3nomo",
	note = "[Internet; descargado 08-marzo-2022]"
}

@misc{ tonomuscular,
	author = "Wikipedia",
	title = "Tono muscular --- Wikipedia{,} La enciclopedia libre",
	year = "2021",
	howpublished=
	"\url{https://es.wikipedia.org/wiki/Tono_muscular}",
	url = "https://es.wikipedia.org/wiki/Tono_muscular",
	note = "[Internet; descargado 08-marzo-2022]"
}

@misc{ sustancianegra,
	author = "Wikipedia",
	title = "Sustancia negra --- Wikipedia{,} La enciclopedia libre",
	year = "2021",
	howpublished=
	"\url{https://es.wikipedia.org/wiki/Sustancia_negra}",
	url = "https://es.wikipedia.org/wiki/Sustancia_negra",
	note = "[Internet; descargado 08-marzo-2022]"
}

@article{pereira2016new,
  title={A new computer vision-based approach to aid the diagnosis of Parkinson's disease},
  author={Pereira, Clayton R and Pereira, Danilo R and Silva, Francisco A and Masieiro, Jo{\~a}o P and Weber, Silke AT and Hook, Christian and Papa, Jo{\~a}o P},
  journal={Computer Methods and Programs in Biomedicine},
  volume={136},
  pages={79--88},
  year={2016},
  publisher={Elsevier}
}

@article{zhang1984fast,
  title={A fast parallel algorithm for thinning digital patterns},
  author={Zhang, Tongjie Y and Suen, Ching Y.},
  journal={Communications of the ACM},
  volume={27},
  number={3},
  pages={236--239},
  year={1984},
  publisher={ACM New York, NY, USA}
}

@inproceedings{jaber2021proposing,
  title={Proposing a Three-Stage Model to Quantify Bradykinesia on a Symptom Severity Level Using Deep Learning},
  author={Jaber, R and Qahwaji, Rami and Abdullatif, Amr and Buckley, J and Abd-Alhameed, R},
  booktitle={UK Workshop on Computational Intelligence},
  pages={428--438},
  year={2021},
  organization={Springer}
}

@article{williams2020discerning,
  title={The discerning eye of computer vision: Can it measure Parkinson's finger tap bradykinesia?},
  author={Williams, Stefan and Zhao, Zhibin and Hafeez, Awais and Wong, David C and Relton, Samuel D and Fang, Hui and Alty, Jane E},
  journal={Journal of the Neurological Sciences},
  volume={416},
  pages={117003},
  year={2020},
  publisher={Elsevier}
}

@article{goetz2008mds,
  title={MDS-Unified Parkinson's Disease Rating Scale (MDS-UPDRS)},
  author={Goetz, CG and Poewe, W and Dubois, B and Schrag, A and Stern, MB and Lang, AE and others},
  journal={Available from the International Parkinson and Movement Disorder Society website: https://www.movementdisorders.org/MDS/MDS-Rating-Scales/MDS-Unified-Parkinsons-Disease-Rating-Scale-MDS-UPDRS.htm},
  year={2008}
}

@article{khan2014computer,
  title={A computer vision framework for finger-tapping evaluation in Parkinson's disease},
  author={Khan, Taha and Nyholm, Dag and Westin, Jerker and Dougherty, Mark},
  journal={Artificial intelligence in medicine},
  volume={60},
  number={1},
  pages={27--40},
  year={2014},
  publisher={Elsevier}
}
