@book{koza92,
		author    = "Koza, John R.",
		title     = "Genetic Programming: On the Programming of Computers by Means of Natural Selection",
		publisher = "MIT Press",
		year      = "1992"
}


@misc{ wiki:latex,
	author = "Wikipedia",
	title = "LaTeX --- Wikipedia{,} La enciclopedia libre",
	year = "2015",
	url = "https://es.wikipedia.org/w/index.php?title=LaTeX&oldid=84209252",
	note = "[Internet; descargado 30-septiembre-2015]"
}

@misc{ wiki:gpl,
	author = "Wikipedia",
	title = "GNU General Public License --- Wikipedia{,} La enciclopedia libre",
	year = "2022",
	howpublished=
	"\url{https://es.wikipedia.org/w/index.php?title=GNU_General_Public_License&oldid=142492281}",
	url = "https://es.wikipedia.org/w/index.php?title=GNU_General_Public_License&oldid=142492281",
	note = "[Internet; descargado 3-junio-2022]"
}

@misc{ salario,
	author = "Indeed",
	title = "Sueldos por año de Informático/a en ACS Informaticos en España",
	year = "2022",
	howpublished=
	"\url{https://es.indeed.com/cmp/ACS-Informaticos-1/salaries/Inform%C3%A1tico-a}",
	url = "https://es.indeed.com/cmp/ACS-Informaticos-1/salaries/Inform%C3%A1tico-a",
	note = "[Internet; descargado 4-junio-2022]"
}